% This file was created with JabRef 2.10.
% Encoding: UTF8

@article{vzilinskas2013worst,
  title={On the worst-case optimal multi-objective global optimization},
  author={{\v{Z}}ilinskas, Antanas},
  journal={Optimization Letters},
  volume={7},
  number={8},
  pages={1921--1928},
  year={2013},
  publisher={Springer}
}

@article{vzilinskas2015adaptation,
  title={Adaptation of a one-step worst-case optimal univariate algorithm of bi-objective Lipschitz optimization to multidimensional problems},
  author={{\v{Z}}ilinskas, Antanas and {\v{Z}}ilinskas, Julius},
  journal={Communications in Nonlinear Science and Numerical Simulation},
  volume={21},
  number={1},
  pages={89--98},
  year={2015},
  publisher={Elsevier}
}


@Article{Asafmany2015,
  Title                    = {A decomposition-based evolutionary algorithm for many objective optimization},
  Author                   = {Asafuddoula, M. and Ray, T. and Sarker, R.},
  Journal                  = {IEEE Transactions on Evolutionary Computation},
  Year                     = {2015},
  Number                   = {3},
  Pages                    = {445--460},
  Volume                   = {19},

  ISSN                     = {1089-778X},
  Owner                    = {z5024720},
  Timestamp                = {2016.05.12}
}

@Article{berezkin2006hybrid,
  Title                    = {Hybrid adaptive methods for approximating a nonconvex multidimensional Pareto frontier},
  Author                   = {Berezkin, V. E. and Kamenev, G. K. and Lotov, A. V.},
  Journal                  = {Computational Mathematics and Mathematical Physics},
  Year                     = {2006},
  Number                   = {11},
  Pages                    = {1918--1931},
  Volume                   = {46},

  Publisher                = {Springer}
}

@Book{coxeter1973regular,
  Title                    = {Regular polytopes},
  Author                   = {Coxeter, H. S. M.},
  Publisher                = {Courier Corporation},
  Year                     = {1973}
}

@Article{DASAugust1998,
  Title                    = {Normal-bounday intersection: A new method for generating Pareto optimal points in multicriteria optimization problems},
  Author                   = {Das, I. and Dennis, J. E.},
  Journal                  = {SIAM Journal on Optimization},
  Year                     = {1998},
  Number                   = {3},
  Pages                    = {631--657},
  Volume                   = {8}
}

@InCollection{deb2011multi,
  Title                    = {Multi-objective optimisation using evolutionary algorithms: An introduction},
  Author                   = {Deb, K.},
  Booktitle                = {Multi-objective evolutionary optimisation for product design and manufacturing},
  Publisher                = {Springer},
  Year                     = {2011},
  Pages                    = {3--34}
}

@Book{deb2001multi,
  Title                    = {Multi-objective optimization using evolutionary algorithms},
  Author                   = {Deb, K.},
  Publisher                = {John Wiley \& Sons},
  Year                     = {2001},
  Volume                   = {16}
}

@InProceedings{deb2002scalable,
  Title                    = {Scalable multi-objective optimization test problems},
  Author                   = {Deb, K. and Thiele, L. and Laumanns, M. and Zitzler, E.},
  Booktitle                = {Proceedings of the IEEE Congress on Evolutionary Computation},
  Year                     = {2002},

  Address                  = {Honolulu, USA},
  Organization             = {IEEE},
  Pages                    = {825--830}
}

@Article{efremov2009properties,
  Title                    = {Properties of a method for polyhedral approximation of the feasible criterion set in convex multiobjective problems},
  Author                   = {Efremov, R. V. and Kamenev, G. K.},
  Journal                  = {Annals of Operations Research},
  Year                     = {2009},
  Number                   = {1},
  Pages                    = {271--279},
  Volume                   = {166},

  Publisher                = {Springer}
}

@Article{eskelinen2010pareto,
  Title                    = {Pareto navigator for interactive nonlinear multiobjective optimization},
  Author                   = {Eskelinen, P. and Miettinen, K. and Klamroth, K. and Hakanen, J.},
  Journal                  = {OR Spectrum},
  Year                     = {2010},
  Number                   = {1},
  Pages                    = {211--227},
  Volume                   = {32},

  Publisher                = {Springer}
}

@InProceedings{eyvindson2013towards,
  Title                    = {Towards constructing a {Pareto} front approximation for use in interactive forest management planning},
  Author                   = {Eyvindson, K. and Hartikainen, M. and Kurttila, M.},
  Booktitle                = {Proceedings of the International Conference on Implementation of DSS Tools into the Forestry Practice},
  Year                     = {2013},
  Organization             = {Technical University in Zvolen}
}

@Article{goel2007response,
  Title                    = {Response surface approximation of {Pareto} optimal front in multi-objective optimization},
  Author                   = {Goel, T. and Vaidyanathan, R. and Haftka, R. T. and Shyy, W. and Queipo, N. V. and Tucker, K.},
  Journal                  = {Computer Methods in Applied Mechanics and Engineering},
  Year                     = {2007},
  Number                   = {4},
  Pages                    = {879--893},
  Volume                   = {196},

  Publisher                = {Elsevier}
}

@Article{hartikainen2014paint,
  Title                    = {{PAINT}--{SiCon}: constructing consistent parametric representations of {Pareto} sets in nonconvex multiobjective optimization},
  Author                   = {Hartikainen, M. and Lovison, A.},
  Journal                  = {Journal of Global Optimization},
  Year                     = {2014},
  Number                   = {2},
  Pages                    = {243--261},
  Volume                   = {62},

  Publisher                = {Springer}
}

@InProceedings{hartikainen2010computationally,
  Title                    = {A computationally inexpensive approach in multiobjective heat exchanger network synthesis},
  Author                   = {Hartikainen, M. and Miettinen, K.},
  Booktitle                = {Proceedings of the International Conference on Applied Operational Research},
  Year                     = {2010},
  Pages                    = {99--109},
  Volume                   = {10}
}

@Article{hartikainen2012paint,
  Title                    = {{PAINT}: {Pareto} front interpolation for nonlinear multiobjective optimization},
  Author                   = {Hartikainen, M. and Miettinen, K. and Wiecek, M. M.},
  Journal                  = {Computational Optimization and Applications},
  Year                     = {2012},
  Number                   = {3},
  Pages                    = {845--867},
  Volume                   = {52},

  Publisher                = {Springer}
}

@Article{hartikainen2011constructing,
  Title                    = {Constructing a {Pareto} front approximation for decision making},
  Author                   = {Hartikainen, M. and Miettinen, K. and Wiecek, M. M.},
  Journal                  = {Mathematical Methods of Operations Research},
  Year                     = {2011},
  Number                   = {2},
  Pages                    = {209--234},
  Volume                   = {73},

  Publisher                = {Springer}
}

@Article{hartikainen2011demonstrating,
  Title                    = {Demonstrating the Applicability of {PAINT} to Computationally Expensive Real-life Multiobjective Optimization},
  Author                   = {Hartikainen, M. and Ojalehto, V.},
  Journal                  = {arXiv preprint arXiv:1109.3411},
  Year                     = {2011}
}

@Article{hillermeier2001homo,
  Title                    = {Generalized homotopy approach to multiobjective optimization},
  Author                   = {Hillermeier, C.},
  Journal                  = {Journal of Optimization Theory and Applications},
  Year                     = {2001},
  Number                   = {3},
  Pages                    = {557--583},
  Volume                   = {110}
}

@Book{hillermeier2001nmo,
  Title                    = {Nonlinear multiobjective optimization},
  Author                   = {Hillermeier, C.},
  Publisher                = {Birkh{\''a}user Basel},
  Year                     = {2001},
  Volume                   = {135}
}

@Article{huband_2006,
  Title                    = {A review of multiobjective test problems and a scalable test problem toolkit},
  Author                   = {Huband, S. and Hingston, P. and Barone, L. and While, L.},
  Journal                  = {IEEE Transactions on Evolutionary Computation},
  Year                     = {2006},
  Number                   = {5},
  Pages                    = {477--506},
  Volume                   = {10},

  ISSN                     = {1089-778X}
}

@Article{kuhn2016box,
  Title                    = {A coverage-based {Box-Algorithm} to compute a representation for optimization problems with three objective functions},
  Author                   = {Kuhn, T. and Ruzika, S.},
  Journal                  = {Journal of Global Optimization},
  Year                     = {2016},
  Pages                    = {1--20},

  Owner                    = {z5024720},
  Timestamp                = {2016.05.18}
}

@Book{lotov2013interactive,
  Title                    = {Interactive decision maps: {Approximation} and visualization of {Pareto} frontier},
  Author                   = {Lotov, A. and Bushenkov, V. A. and Kamenev, G. K.},
  Publisher                = {Springer Science \& Business Media},
  Year                     = {2013},
  Volume                   = {89}
}

@Book{lotov2004interactive,
  Title                    = {Interactive decision maps},
  Author                   = {Lotov, A. V. and Bushenkov, V. A. and Kamenev, G. K.},
  Publisher                = {Springer Science \& Business Media},
  Year                     = {2004},
  Edition                  = {1},
  Series                   = {Applied Optimization},
  Volume                   = {89}
}

@InCollection{lotov2008visualizing,
  Title                    = {Visualizing the {Pareto} frontier},
  Author                   = {Lotov, A. V. and Miettinen, K.},
  Booktitle                = {Multiobjective optimization},
  Publisher                = {Springer},
  Year                     = {2008},
  Pages                    = {213--243}
}

@Article{lovison2013mo,
  Title                    = {Global search perspectives for multiobjective optimization},
  Author                   = {Lovison, A.},
  Journal                  = {Journal of Global Optimization},
  Year                     = {2013},
  Number                   = {2},
  Pages                    = {385--398},
  Volume                   = {57}
}

@Article{lovison11singular,
  Title                    = {Singular continuation: {Generating} piecewise linear approximations to {Pareto} sets via global analysis},
  Author                   = {Lovison, A.},
  Journal                  = {SIAM Journal on Optimization},
  Year                     = {2011},
  Number                   = {2},
  Pages                    = {463--490},
  Volume                   = {21}
}

@InProceedings{lovison2015lip,
  Title                    = {On generalizing {Lipschitz} global methods for multiobjective optimization},
  Author                   = {Lovison, A. and Hartikainen, M.},
  Booktitle                = {Proceedings of the International Conference on Evolutionary Multi-Criterion Optimization},
  Year                     = {2015},
  Pages                    = {264--278},
  Series                   = {Lecture Notes in Computer Science},
  Volume                   = {9019}
}

@Article{martin2005approximating,
  Title                    = {Approximating nondominated sets in continuous multiobjective optimization problems},
  Author                   = {Mart{\'\i}n, J. and Bielza, C. and Insua, D. R.},
  Journal                  = {Naval Research Logistics},
  Year                     = {2005},
  Number                   = {5},
  Pages                    = {469--480},
  Volume                   = {52},

  Publisher                = {Wiley Online Library}
}

@Book{miettinen2012nonlinear,
  Title                    = {Nonlinear multiobjective optimization},
  Author                   = {Miettinen, K.},
  Publisher                = {Springer Science \& Business Media},
  Year                     = {2012},
  Volume                   = {12}
}

@Article{missoum2007convex,
  Title                    = {A convex hull approach for the reliability-based design optimization of nonlinear transient dynamic problems},
  Author                   = {Missoum, S. and Ramu, P. and Haftka, R. T.},
  Journal                  = {Computer methods in applied mechanics and engineering},
  Year                     = {2007},
  Number                   = {29},
  Pages                    = {2895--2906},
  Volume                   = {196},

  Publisher                = {Elsevier}
}

@PhdThesis{monz2006pareto,
  Title                    = {Pareto {Navigation}--interactive multiobjective optimisation and its application in radiotherapy planning},
  Author                   = {Monz, M.},
  School                   = {PhD thesis, Department of Mathematics, Technical University of Kaiserslautern (Germany)},
  Year                     = {2006}
}

@Article{monz2008pareto,
  Title                    = {Pareto navigation—algorithmic foundation of interactive multi-criteria {IMRT} planning},
  Author                   = {Monz, M. and K{\"u}fer, K. H. and Bortfeld, T. R. and Thieke, C.},
  Journal                  = {Physics in Medicine and Biology},
  Year                     = {2008},
  Number                   = {4},
  Pages                    = {985--998},
  Volume                   = {53},

  Publisher                = {IOP Publishing}
}

@Article{piyavski1972abs,
  Title                    = {An algorithm for finding the absolute extremum of a function},
  Author                   = {Piyavskii, S.},
  Journal                  = {USSR Computational Mathematics and Mathematical Physics},
  Year                     = {1972},
  Pages                    = {57--67},
  Volume                   = {12},

  Owner                    = {z5024720},
  Timestamp                = {2016.05.26}
}

@Article{bokrantzdual,
  Title                    = {An algorithm for approximating convex {Pareto} surfaces based on dual techniques},
  Author                   = {Rasmus, B. and Anders, F.},
  Journal                  = {INFORMS Journal on Computing},
  Year                     = {2013},
  Number                   = {2},
  Pages                    = {377--393},
  Volume                   = {25}
}

@article{payne1993efficient,
  title={Efficient approximate representation of bi-objective tradeoff sets},
  author={Payne, Anthony N},
  journal={Journal of the Franklin Institute},
  volume={330},
  number={6},
  pages={1219--1233},
  year={1993},
  publisher={Elsevier}
}

@Article{ruzika2005approximation,
  Title                    = {Approximation methods in multiobjective programming},
  Author                   = {Ruzika, S. and Wiecek, M. M.},
  Journal                  = {Journal of Optimization Theory and Applications},
  Year                     = {2005},
  Number                   = {3},
  Pages                    = {473--501},
  Volume                   = {126},

  Publisher                = {Springer}
}

@Article{smale1975pareto,
  Title                    = {Global analysis and economics: {Pareto} optimum and a generalization of {Morse} theory},
  Author                   = {Smale, S.},
  Journal                  = {Synthese},
  Year                     = {1975},
  Number                   = {2},
  Pages                    = {345--358},
  Volume                   = {31},

  Owner                    = {z5024720},
  Timestamp                = {2016.05.26}
}

@InProceedings{wiecek2016mo,
  Title                    = {Continuous multiobjective programming},
  Author                   = {Wiecek, M. M. and Ehrgott, M. and Engau, A.},
  Booktitle                = {Multiple Criteria Decision Analysis},
  Year                     = {2016},
  Pages                    = {739--815},
  Series                   = {International Series in Operations Research \& Management Science},
  Volume                   = {233}
}

@Article{yang1994evidential,
  Title                    = {An evidential reasoning approach for multiple-attribute decision making with uncertainty},
  Author                   = {Yang, J. B. and Singh, M. G.},
  Journal                  = {IEEE Transactions on Systems, Man and Cybernetics},
  Year                     = {1994},
  Number                   = {1},
  Pages                    = {1--18},
  Volume                   = {24},

  Publisher                = {IEEE}
}

@Article{zhang2007moea,
  Title                    = {{MOEA/D: A} multiobjective evolutionary algorithm based on decomposition},
  Author                   = {Zhang, Q. and Li, H.},
  Journal                  = {IEEE Transactions on Evolutionary Computation},
  Year                     = {2007},
  Number                   = {6},
  Pages                    = {712--731},
  Volume                   = {11},

  Publisher                = {IEEE}
}

@Electronic{mdowebsite,
  Title                    = {UNSW Canberra MDO Group},
  Url                      = {http://seit.unsw.adfa.edu.au/research/sites/mdo/index.html},
  Year                     = {2014},

  Authors                  = {Ray, T}
}

@comment{jabref-meta: selector_keywords:}

@comment{jabref-meta: selector_journal:}

@comment{jabref-meta: selector_publisher:}

@comment{jabref-meta: selector_author:}

@comment{jabref-meta: selector_review:}

