% Encoding: UTF-8
\RequirePackage{filecontents}
\begin{filecontents}{\reference.bib}
@IEEEtranBSTCTL{IEEEexample:BSTcontrol,
CTLdash_repeated_names= "no",
}

@article{hd_4,
author = "M. J. Lee and D. H. Im and H. Y. Lee and K. S. Kim and H. K. Lee",
title = "Real-time video watermarking system on the compressed domain for high-definition video contents: Practical issues",
journal = "Digital Signal Processing",
volume = "22",
number = "1",
pages = "190-198",
year = "2012",
month = "Jan.",
}

@Comment{jabref-meta: databaseType:biblatex;}

\end{filecontents}
