% Encoding: windows-1250

@Article{Deb2012a,
  Title                    = {An Evolutionary Many-Objective Optimization Algorithm Using Reference-point Based Non-dominated Sorting Approach, {Part II}: Handling Constraints and Extending to an Adaptive Approach},
  Author                   = {Jain, H. and Deb, K.},
  Journal                  = {IEEE Transactions on Evolutionary Computation},
  Year                     = {2014},
  Number                   = {4},
  Pages                    = {602-622},
  Volume                   = {18},

  Owner                    = {z3344299},
  Timestamp                = {2014.03.07}
}


@Article{apcluster2011,
  Title                    = {{APCluster}: An {R} package for affinity propagation clustering},
  Author                   = {Bodenhofer, U. and Kothmeier, A. and Hochreiter, S.},
  Journal                  = {Bioinformatics},
  Year                     = {2011},
  Number                   = {17},
  Pages                    = {2463--2464},
  Volume                   = {27}
}

@Article{jaimes2011techniques,
  author  = {Jaimes, Antonio L{\'o}pez},
  title   = {Techniques to deal with many-objective optimization problems using evolutionary algorithms},
  journal = {Center for Research and Advanced Studies of the National Polytechnic Institute},
  year    = {2011},
}

@InProceedings{ikeda2001failure,
  author       = {Ikeda, Kokolo and Kita, Hajime and Kobayashi, Shigenobu},
  title        = {Failure of Pareto-based MOEAs: does non-dominated really mean near to optimal?},
  booktitle    = {Evolutionary Computation, 2001. Proceedings of the 2001 Congress on},
  year         = {2001},
  volume       = {2},
  pages        = {957--962},
  organization = {IEEE},
}

@Article{wang2015preference,
  Title                    = {Preference-inspired co-evolutionary algorithms using weight vectors},
  Author                   = {Wang, Rui and Purshouse, Robin C and Fleming, Peter J},
  Journal                  = {European Journal of Operational Research},
  Year                     = {2015},
  Number                   = {2},
  Pages                    = {423--441},
  Volume                   = {243},

  Publisher                = {Elsevier}
}


@InProceedings{Jain2013,
  Title                    = {An Improved Adaptive Approach for Elitist Nondominated Sorting Genetic Algorithm for Many-Objective Optimization},
  Author                   = {Jain, Himanshu and Deb, Kalyanmoy},
  Booktitle                = {Evolutionary Multi-Criterion Optimization},
  Year                     = {2013},
  Editor                   = {R.C. Purshouse},
  Month                    = {March 19-22},
  Pages                    = {307--321},
  Publisher                = {Springer Berlin Heidelberg},
  Series                   = {Lecture Notes in Computer Science},
  Volume                   = {7811},

  Owner                    = {z3344299},
  Timestamp                = {2013.06.16}
}


@article{trivedisurvey,
  title={A Survey of Multi-objective Evolutionary Algorithms based on Decomposition},
  author={Trivedi, Anupam and Srinivasan, Dipti and Sanyal, Krishnendu and Ghosh, Abhiroop},
  journal={IEEE Transactions on Evolutionary Computation},
  publisher={IEEE}
}


@InProceedings{adib20143d,
  Title                    = {3d tracking via body radio reflections},
  Author                   = {Adib, F. and Kabelac, Z. and Katabi, D. and Miller, R. C.},
  Booktitle                = {Usenix NSDI},
  Year                     = {2014},
  Volume                   = {14}
}

@Article{adra2011diversity,
  Title                    = {Diversity management in evolutionary many-objective optimization},
  Author                   = {Adra, S. F. and Fleming, P. J.},
  Journal                  = {IEEE Transactions on Evolutionary Computation},
  Year                     = {2011},
  Number                   = {2},
  Pages                    = {183--195},
  Volume                   = {15},

  ISSN                     = {1089-778X}
}

@InProceedings{agrawal2004intuitive,
  Title                    = {Intuitive visualization of Pareto frontier for multi-objective optimization in n-dimensional performance space},
  Author                   = {Agrawal, G. and Lewis, K. and Chugh, K. and Huang, C. H. and Parashar, S. and Bloebaum, C. L.},
  Booktitle                = {Proceedings of the International Conference on AIAA/ISSMO Multidisciplinary Analysis and Optimization},
  Year                     = {2004},
  Pages                    = {1523--1533}
}

@InProceedings{aguirre2013epsilon,
  Title                    = {Adaptive $\epsilon$-sampling and $\epsilon$-hood for evolutionary many-objective optimization},
  Author                   = {Aguirre, H. and Oyama, A. and Tanaka, K.},
  Booktitle                = {Proceedings of the International Conference on Evolutionary Multi-Criterion Optimization},
  Year                     = {2013},
  Pages                    = {322--336},
  Series                   = {Lecture Notes in Computer Science},
  Volume                   = {7811}
}

@InProceedings{Aguirre2009,
  Title                    = {Adaptive $\epsilon$-ranking on {MNK}-Landscapes},
  Author                   = {Aguirre, H. and Tanaka, K.},
  Booktitle                = {Proceedings of the IEEE symposium on Computational intelligence in miulti-criteria decision-making},
  Year                     = {2009},
  Pages                    = {104--111},

  Owner                    = {z3344299},
  Timestamp                = {2011.10.13}
}

@Article{Asafmany2015,
  Title                    = {A decomposition-based evolutionary algorithm for many objective optimization},
  Author                   = {Asafuddoula, M. and Ray, T. and Sarker, R.},
  Journal                  = {IEEE Transactions on Evolutionary Computation},
  Year                     = {2015},
  Number                   = {3},
  Pages                    = {445--460},
  Volume                   = {19},

  ISSN                     = {1089-778X}
}

@InProceedings{asaf2012manyeps,
  Title                    = {An adaptive constraint handling approach embedded {MOEA/D}},
  Author                   = {Asafuddoula, M. and Ray, T. and Sarker, R. and Alam, K.},
  Booktitle                = {IEEE Congress on Evolutionary Computation},
  Year                     = {2012},
  Pages                    = {1--8}
}

@InProceedings{asaf2015char,
  Title                    = {Characterizing Pareto front approximations in many-objective optimization},
  Author                   = {Asafuddoula, M. and Ray, T. and Singh, H. K.},
  Booktitle                = {Proceedings of the Annual Conference on Genetic and Evolutionary Computation},
  Year                     = {2015},
  Pages                    = {607--614}
}

@Article{asafrobust2015,
  Title                    = {Six-Sigma robust design optimization using a many-objective decomposition-based evolutionary algorithm},
  Author                   = {Asafuddoula, M. and Singh, H. K. and Ray, T.},
  Journal                  = {IEEE Transactions on Evolutionary Computation},
  Year                     = {2015},
  Number                   = {4},
  Pages                    = {490--507},
  Volume                   = {19},

  ISSN                     = {1089-778X}
}

@InProceedings{auger2009theory,
  Title                    = {Theory of the hypervolume indicator: optimal $\mu$-distributions and the choice of the reference point},
  Author                   = {Auger, A. and Bader, J. and Brockhoff, D. and Zitzler, E.},
  Booktitle                = {Proceedings of the International Workshop on ACM SIGEVO Foundations of genetic algorithms},
  Year                     = {2009},
  Organization             = {ACM},
  Pages                    = {87--102}
}

@Article{ayob2011beyond,
  Title                    = {Beyond hydrodynamic design optimization of planing craft},
  Author                   = {Ayob, M. and Ahmad, F. and Ray, T. and Smith, W. F.},
  Journal                  = {Journal of Ship Production and Design},
  Year                     = {2011},
  Number                   = {1},
  Pages                    = {1--13},
  Volume                   = {27},

  Publisher                = {Society of Naval Architects and Marine Engineers (SNAME)}
}

@InProceedings{buche2002self,
  Title                    = {Self-organizing maps for multi-objective optimization},
  Author                   = {B{\"u}che, D. and Milano, M. and Koumoutsakos, P.},
  Booktitle                = {Proceedings of the Annual Conference on Genetic and Evolutionary Computation},
  Year                     = {2002},
  Pages                    = {152--155},
  Volume                   = {2}
}

@Article{bader2011hype,
  Title                    = {{HypE}: An algorithm for fast hypervolume-based many-objective optimization},
  Author                   = {Bader, J. and Zitzler, E.},
  Journal                  = {Evolutionary Computation},
  Year                     = {2011},
  Number                   = {1},
  Pages                    = {45--76},
  Volume                   = {19}
}

@Article{Johannes2011,
  Title                    = {{HypE}: An Algorithm for Fast Hypervolume-Based Many-Objective Optimization},
  Author                   = {Bader, J. and Zitzler, E.},
  Journal                  = {Evolutionary Computation},
  Year                     = {2011},
  Pages                    = {45--76},
  Volume                   = {19},

  Owner                    = {z3344299},
  Timestamp                = {2011.10.16}
}

@Article{Sanghamitramany2015,
  Title                    = {An algorithm for many-objective optimization with reduced objective computations: a study in differential evolution},
  Author                   = {Bandyopadhyay, S. and Mukherjee, A.},
  Journal                  = {IEEE Transactions on Evolutionary Computation},
  Year                     = {2015},
  Number                   = {3},
  Pages                    = {400--413},
  Volume                   = {19},

  ISSN                     = {1089-778X}
}

@Article{bekkarentropy2011,
  Title                    = {The cross-entropy method in multi-objective optimisation: An assessment},
  Author                   = {Bekker, J. and Aldrich, C.},
  Journal                  = {European Journal of Operational Research},
  Year                     = {2011},
  Number                   = {1},
  Pages                    = {112--121},
  Volume                   = {211},

  Owner                    = {z5024720},
  Timestamp                = {2016.10.10}
}

@Article{beume2007sms,
  Title                    = {{SMS-EMOA}: Multiobjective selection based on dominated hypervolume},
  Author                   = {Beume, N. and Naujoks, B. and Emmerich, M.},
  Journal                  = {European Journal of Operational Research},
  Year                     = {2007},
  Number                   = {3},
  Pages                    = {1653--1669},
  Volume                   = {181},

  Owner                    = {z5024720},
  Timestamp                = {2016.06.03}
}

@Article{blasco2008new,
  Title                    = {A new graphical visualization of n-dimensional Pareto front for decision-making in multiobjective optimization},
  Author                   = {Blasco, X and Herrero, JM and Sanchis, J and Mart{\'\i}nez, M},
  Journal                  = {Information Sciences},
  Year                     = {2008},
  Number                   = {20},
  Pages                    = {3908--3924},
  Volume                   = {178},

  Publisher                = {Elsevier}
}

@InProceedings{branke2004finding,
  Title                    = {Finding knees in multi-objective optimization},
  Author                   = {Branke, J. and Deb, K. and Dierolf, H. and Osswald, M.},
  Booktitle                = {Proceedings of the International Conference on Parallel Problem Solving from Nature},
  Year                     = {2004},
  Organization             = {Springer},
  Pages                    = {722--731}
}

@InProceedings{brokr22012,
  Title                    = {On the properties of the {R2} indicator},
  Author                   = {Brockhoff, D. and Wagner, T. and Trautmann, H.},
  Booktitle                = {Proceedings of the Annual Conference on Genetic and Evolutionary Computation},
  Year                     = {2012},
  Pages                    = {465--472},

  Owner                    = {z5024720},
  Timestamp                = {2016.10.10}
}

@Article{cheng1999water,
  Title                    = {Generalized method for multiobjective engineering optimization},
  Author                   = {Cheng, F. Y. and Li, X. S.},
  Journal                  = {Engineering Optimization},
  Year                     = {1999},
  Number                   = {5},
  Pages                    = {641--661},
  Volume                   = {31}
}

@InProceedings{cheng2015adaptive,
  Title                    = {Adaptive reference vector generation for inverse model based evolutionary multiobjective optimization with degenerate and disconnected pareto fronts},
  Author                   = {Cheng, R. and Jin, Y. and Narukawa, K.},
  Booktitle                = {Proceedings of the International Conference on Evolutionary Multi-Criterion Optimization},
  Year                     = {2015},
  Organization             = {Springer},
  Pages                    = {127--140}
}

@Article{Cheng2016many,
  Title                    = {A reference vector guided evolutionary algorithm for many-objective optimization},
  Author                   = {Cheng, R. and Jin, Y. and Olhofer, M. and Sendhoff, B.},
  Journal                  = {IEEE Transactions on Evolutionary Computation},
  Year                     = {2016},
  Number                   = {99},
  Pages                    = {1--1},
  Volume                   = {PP},

  ISSN                     = {1089-778X}
}

@InProceedings{corne2001pesa,
  Title                    = {{PESA-II}: Region-based selection in evolutionary multiobjective optimization},
  Author                   = {Corne, D. W. and Jerram, N. R. and Knowles, J. D. and Oates, M. J.},
  Booktitle                = {Proceedings of the Annual Conference on Genetic and Evolutionary Computation},
  Year                     = {2001}
}

@InProceedings{corne2000pareto,
  Title                    = {The Pareto envelope-based selection algorithm for multiobjective optimization},
  Author                   = {Corne, D. W. and Knowles, J. D. and Oates, M. J.},
  Booktitle                = {Proceedings of the International Conference on Parallel Problem Solving from Nature},
  Year                     = {2000},
  Organization             = {Springer},
  Pages                    = {839--848}
}

@Article{das1998normal,
  Title                    = {Normal-boundary intersection: A new method for generating the Pareto surface in nonlinear multicriteria optimization problems},
  Author                   = {Das, I. and Dennis, J. E.},
  Journal                  = {SIAM Journal on Optimization},
  Year                     = {1998},
  Number                   = {3},
  Pages                    = {631--657},
  Volume                   = {8},

  Publisher                = {SIAM}
}

@Article{das2011de,
  Title                    = {Differential evolution: A survey of the state-of-the-art},
  Author                   = {Das, S. and Suganthan, P. N.},
  Journal                  = {IEEE Transactions on Evolutionary Computation},
  Year                     = {2011},
  Number                   = {1},
  Pages                    = {4--31},
  Volume                   = {15},

  ISSN                     = {1089-778X}
}

@InCollection{kktdeb,
  Title                    = {An optimality theory based proximity measure for evolutionary multi-objective and many-objective optimization},
  Author                   = {Deb, K. and Abouhawwash, M. and Dutta, J.},
  Booktitle                = {Proceedings of the International Conference on Evolutionary Multi-Criterion Optimization},
  Publisher                = {Springer International Publishing},
  Year                     = {2015},
  Pages                    = {18--33},
  Series                   = {Lecture Notes in Computer Science},
  Volume                   = {9019},

  ISBN                     = {978-3-319-15891-4},
  Language                 = {English}
}

@Article{deb2011understanding,
  Title                    = {Understanding knee points in bicriteria problems and their implications as preferred solution principles},
  Author                   = {Deb, K. and Gupta, S.},
  Journal                  = {Engineering Optimization},
  Year                     = {2011},
  Number                   = {11},
  Pages                    = {1175--1204},
  Volume                   = {43},

  Publisher                = {Taylor \& Francis}
}

@Article{Deb2014box,
  Title                    = {An evolutionary many-objective optimization algorithm using reference-point-based nondominated sorting approach, part I: solving problems with box constraints},
  Author                   = {Deb, K. and Jain, H.},
  Journal                  = {IEEE Transactions on Evolutionary Computation},
  Year                     = {2014},
  Number                   = {4},
  Pages                    = {577--601},
  Volume                   = {18},

  ISSN                     = {1089-778X}
}

@Article{deb2005evaluating,
  Title                    = {Evaluating the $\varepsilon$-domination based multi-objective evolutionary algorithm for a quick computation of Pareto-optimal solutions},
  Author                   = {Deb, K. and Mohan, M. and Mishra, S.},
  Journal                  = {Evolutionary Computation},
  Year                     = {2005},
  Number                   = {4},
  Pages                    = {501--525},
  Volume                   = {13},

  Publisher                = {MIT Press}
}

@Article{deb2002fast,
  Title                    = {A fast and elitist multiobjective genetic algorithm: {NSGA-II}},
  Author                   = {Deb, K. and Pratap, A. and Agarwal, S. and Meyarivan, T.},
  Journal                  = {IEEE Transactions on Evolutionary Computation},
  Year                     = {2002},
  Number                   = {2},
  Pages                    = {182--197},
  Volume                   = {6},

  Publisher                = {IEEE}
}

@Conference{deb2006finding,
  Title                    = {Searching for Pareto-optimal solutions through dimensionality reduction for certain large-dimensional multi-objective optimization problems},
  Author                   = {Deb, K. and Saxena, D. K.},
  Booktitle                = {Proceedings of the World Congress on Computational Intelligence},
  Year                     = {2006},
  Pages                    = {3352--3360},

  Journal                  = {Proceedings of the World Congress on Computational Intelligence}
}

@Article{Deb2010,
  Title                    = {An interactive evolutionary multi-objective optimization method based on progressively approximated value functions},
  Author                   = {Deb, K. and Sinha, A. and Korhonen, P. J. and Wallenius, J.},
  Journal                  = {IEEE Transactions on Evolutionary Computation},
  Year                     = {2010},
  Number                   = {5},
  Pages                    = {723--739},
  Volume                   = {14},

  Owner                    = {z3344299},
  Timestamp                = {2012.08.16}
}

@InProceedings{deb2005scalable,
  Title                    = {Scalable test problems for evolutionary multiobjective optimization},
  Author                   = {Deb, K. and Thiele, L. and Laumanns, M. and Zitzler, E.},
  Booktitle                = {Proceedings of the International Conference on Evolutionary Multiobjective Optimization},
  Year                     = {2005},
  Pages                    = {105--145}
}

@InProceedings{dreschsler2015epsilon,
  Title                    = {Self-adaptive evolutionary many-objective optimization based on relation $\epsilon$-preferred},
  Author                   = {Drechsler, N.},
  Booktitle                = {Proceedings of the International Conference on Computational Intelligence},
  Year                     = {2015},
  Pages                    = {23--37},
  Series                   = {Studies in Computational Intelligence},
  Volume                   = {613}
}

@Article{durillo2011jmetal,
  Title                    = {{jMetal}: a {Java} framework for multi-objective optimization.},
  Author                   = {Durillo, J. J. and Nebro, A. J.},
  Journal                  = {Advances in Engineering Software},
  Year                     = {2011},
  Pages                    = {760--771},
  Volume                   = {42},

  Owner                    = {z5024720},
  Timestamp                = {2016.08.23}
}

@InProceedings{fieldsend2013visualising,
  Title                    = {Visualising high-dimensional Pareto relationships in two-dimensional scatterplots},
  Author                   = {Fieldsend, J. and Everson, R.},
  Booktitle                = {Proceedings of the International Conference on Evolutionary Multi-Criterion Optimization},
  Year                     = {2013},
  Organization             = {Springer},
  Pages                    = {558--572}
}

@InProceedings{fonseca1993genetic,
  Title                    = {Genetic Algorithms for Multiobjective Optimization: FormulationDiscussion and Generalization.},
  Author                   = {Fonseca, C. M. and Fleming, P. J.},
  Booktitle                = {ICGA},
  Year                     = {1993},
  Organization             = {Citeseer},
  Pages                    = {416--423},
  Volume                   = {93}
}

@InProceedings{gomez2013mombi,
  Title                    = {{MOMBI}: A new metaheuristic for many-objective optimization based on the R2 indicator},
  Author                   = {G{\'o}mez, R. H. and Coello, C. A. C.},
  Booktitle                = {IEEE Congress on Evolutionary Computation},
  Year                     = {2013},
  Pages                    = {2488--2495}
}

@Article{gazzola2014scaling,
  Title                    = {Scaling macroscopic aquatic locomotion},
  Author                   = {Gazzola, M. and Argentina, M. and Mahadevan, L.},
  Journal                  = {Nature Physics},
  Year                     = {2014},
  Pages                    = {758--761},
  Volume                   = {10},

  Publisher                = {Nature Publishing Group}
}

@Article{gemunden1985number,
  Title                    = {Number of alternatives and efficiency in different types of top-management decisions},
  Author                   = {Gem{\"u}nden, H. G. and Hauschildt, J.},
  Journal                  = {European Journal of Operational Research},
  Year                     = {1985},
  Number                   = {2},
  Pages                    = {178--190},
  Volume                   = {22},

  Publisher                = {Elsevier}
}

@Article{Giagkiozis2014,
  Title                    = {Generalized decomposition and cross entropy methods for many-objective optimization },
  Author                   = {Giagkiozis, I. and Purshouse, R. C. and Fleming, P. J.},
  Journal                  = {Information Sciences},
  Year                     = {2014},
  Pages                    = {363--387},
  Volume                   = {282},

  ISSN                     = {0020-0255},
  Owner                    = {z5024720},
  Timestamp                = {2016.10.10}
}

@InProceedings{giagkiozis2013energy,
  Title                    = {Generalized Decomposition},
  Author                   = {Giagkiozis, I. and Purshouse, R. C. and Fleming, P. J.},
  Booktitle                = {Proceedings of the International Conference on Evolutionary Multi-Criterion Optimization},
  Year                     = {2013},
  Pages                    = {428--442},
  Publisher                = {Springer},
  Series                   = {Lecture Notes in Computer Science},
  Volume                   = {7811}
}

@Article{Goulart2016preference,
  Title                    = {Preference-guided evolutionary algorithms for many-objective optimization},
  Author                   = {Goulart, F. and Campelo, F.},
  Journal                  = {Information Sciences },
  Year                     = {2016},
  Pages                    = {236--255},
  Volume                   = {329},

  ISSN                     = {0020-0255}
}

@InProceedings{gu2010novel,
  Title                    = {A novel weight design in multi-objective evolutionary algorithm},
  Author                   = {Gu, F. Q. and Liu, H. L.},
  Booktitle                = {Proceedings of the International Conference on Computational Intelligence and Security},
  Year                     = {2010},
  Organization             = {IEEE},
  Pages                    = {137--141}
}

@InProceedings{Hadka2012many,
  Title                    = {Diagnostic assessment of the borg MOEA for many-objective product family design problems},
  Author                   = {Hadka, D. and Reed, P. M. and Simpson, T. W.},
  Booktitle                = {IEEE Congress on Evolutionary Computation},
  Year                     = {2012},
  Pages                    = {1--10}
}

@InProceedings{hahsler2011temporal,
  Title                    = {Temporal structure learning for clustering massive data streams in real-time.},
  Author                   = {Hahsler, M. and Dunham, M. H.},
  Booktitle                = {Proceedings of the SIAM Data Mining International Conference},
  Year                     = {2011},
  Organization             = {SIAM},
  Pages                    = {664--675}
}

@Book{trove.nla.gov.au/work/10045287,
  Title                    = {Ziela{\"n}derungen im Entscheidungsprozess},
  Author                   = {Hamel, W.},
  Publisher                = {Tu{\"b}ingen : Mohr},
  Year                     = {1974},

  Catalogue-url            = { http://trove.nla.gov.au/work/10045287 },
  ISBN                     = { 3163360823 },
  Language                 = { German },
  Subjects                 = { Decision-making -- Mathematical models },
  Type                     = { Book }
}

@Article{hardin2004energy,
  Title                    = {Discretizing manifolds via minimum energy points},
  Author                   = {Hardin, D. and Saff, E.},
  Journal                  = {Notices of the AMS},
  Year                     = {2004},
  Pages                    = {1186--1194},
  Volume                   = {51}
}

@InProceedings{horn1994niched,
  Title                    = {A niched Pareto genetic algorithm for multiobjective optimization},
  Author                   = {Horn, J. and Nafpliotis, N. and Goldberg, D. E.},
  Booktitle                = {IEEE Conference on Evolutionary Computation},
  Year                     = {1994},
  Organization             = {IEEE},
  Pages                    = {82--87}
}

@InProceedings{huang2010differential,
  Title                    = {On the differential evolution schemes in {MOEA/D}},
  Author                   = {Huang, W. and Li, H.},
  Booktitle                = {Proceedings of the International Conference on Natural Computation},
  Year                     = {2010},
  Organization             = {IEEE},
  Pages                    = {2788--2792},
  Volume                   = {6}
}

@InProceedings{huband2005scalable,
  Title                    = {A scalable multi-objective test problem toolkit},
  Author                   = {Huband, S. and Barone, L. and While, L. and Hingston, P.},
  Booktitle                = {Proceedings of the International Conference on Evolutionary Multi-criterion Optimization},
  Year                     = {2005},
  Organization             = {Springer},
  Pages                    = {280--295}
}

@InProceedings{Hughes2007,
  Title                    = {{MSOPS-II}: A general-purpose Many-Objective optimiser},
  Author                   = {Hughes, E. J.},
  Booktitle                = {Proceedings of the International Conference on IEEE Congress Evolutionary Computation},
  Year                     = {2007},
  Pages                    = {3944--3951},

  Owner                    = {z3344299},
  Timestamp                = {2011.10.13}
}

@InProceedings{ishibuchi2013neighbor,
  Title                    = {Relation between neighborhood size and {MOEA/D} performance on many-objective problems},
  Author                   = {Ishibuchi, H. and Akedo, N. and Nojima, Y.},
  Booktitle                = {Proceedings of the International Conference on Evolutionary Multi-Criterion Optimization},
  Year                     = {2013},
  Pages                    = {459--474},
  Series                   = {Lecture Notes in Computer Science},
  Volume                   = {7811}
}

@InProceedings{ishibuchi2011diversity,
  Title                    = {A many-objective test problem for visually examining diversity maintenance behavior in a decision space},
  Author                   = {Ishibuchi, H. and Akedo, N. and Nojima, Y.},
  Booktitle                = {Proceedings of the International Conference on Genetic and Evolutionary Computation},
  Year                     = {2011},
  Pages                    = {649--656}
}

@InCollection{ishibuchi2010many,
  Title                    = {Many-objective test problems to visually examine the behavior of multiobjective evolution in a decision space},
  Author                   = {Ishibuchi, H. and Hitotsuyanagi, Y. and Tsukamoto, N. and Nojima, Y.},
  Booktitle                = {Proceedings of the International Conference on Parallel Problem Solving from Nature},
  Publisher                = {Springer},
  Year                     = {2010},
  Pages                    = {91--100}
}

@InProceedings{ishibuchi2015study,
  Title                    = {A study on performance evaluation ability of a modified inverted generational distance indicator},
  Author                   = {Ishibuchi, H. and Masuda, H. and Nojima, Y.},
  Booktitle                = {Proceedings of the Annual Conference on Genetic and Evolutionary Computation},
  Year                     = {2015},
  Organization             = {ACM},
  Pages                    = {695--702}
}

@InProceedings{ishibuchi2015modified,
  Title                    = {Modified distance calculation in generational distance and inverted generational distance},
  Author                   = {Ishibuchi, H. and Masuda, H. and Tanigaki, Y. and Nojima, Y.},
  Booktitle                = {Proceedings of the International Conference on Evolutionary Multi-Criterion Optimization},
  Year                     = {2015},
  Organization             = {Springer},
  Pages                    = {110--125}
}

@InProceedings{ishibuchi2014difficulties,
  Title                    = {Difficulties in specifying reference points to calculate the inverted generational distance for many-objective optimization problems},
  Author                   = {Ishibuchi, H. and Masuda, H. and Tanigaki, Y. and Nojima, Y.},
  Booktitle                = {Proceedings of the International Symposium on Computational Intelligence in Multi-Criteria Decision-Making},
  Year                     = {2014},
  Organization             = {IEEE},
  Pages                    = {170--177}
}

@InProceedings{ishibuchi2010simultaneous,
  Title                    = {Simultaneous use of different scalarizing functions in {MOEA/D}},
  Author                   = {Ishibuchi, H. and Sakane, Y. and Tsukamoto, N. and Nojima, Y.},
  Booktitle                = {Proceedings of the Annual Conference on Genetic and Evolutionary Computation},
  Year                     = {2010},
  Organization             = {ACM},
  Pages                    = {519--526}
}

@InProceedings{ishibuchi2009adaptation,
  Title                    = {Adaptation of scalarizing functions in {MOEA/D}: An adaptive scalarizing function-based multiobjective evolutionary algorithm},
  Author                   = {Ishibuchi, H. and Sakane, Y. and Tsukamoto, N. and Nojima, Y.},
  Booktitle                = {Proceedings of the International Conference on Evolutionary Multi-Criterion Optimization},
  Year                     = {2009},
  Organization             = {Springer},
  Pages                    = {438--452}
}

@Article{max2016inv,
  Title                    = {Performance of decomposition-based many-objective algorithms strongly depends on {Pareto} front shapes},
  Author                   = {Ishibuchi, H. and Setoguchi, Y. and Masuda, H. and Nojima, Y.},
  Journal                  = {IEEE Transactions on Evolutionary Computation},
  Year                     = {2016},
  Number                   = {99},
  Pages                    = {1},
  Volume                   = {PP},

  Owner                    = {z5024720},
  Timestamp                = {2016.08.25}
}

@InProceedings{ishibuchi2008evolutionary,
  Title                    = {Evolutionary many-objective optimization: A short review},
  Author                   = {Ishibuchi, H. and Tsukamoto, N. and Nojima, Y.},
  Booktitle                = {IEEE congress on evolutionary computation},
  Year                     = {2008},
  Pages                    = {2419--2426}
}

@Article{ishibuchi2016inverse,
  Title                    = {Performance of decomposition-based many-objective algorithms strongly depends on {Pareto} front shapes},
  Author                   = {Ishibuchi, H. and Yu, S. and Hiroyuki, M. and Yusuke, N.},
  Journal                  = {IEEE Transactions on Evolutionary Computation},
  Year                     = {2016}
}

@Article{jacoby1974brand,
  Title                    = {Brand choice behavior as a function of information load},
  Author                   = {Jacoby, J. and Speller, D. E. and Kohn, C. A.},
  Journal                  = {Journal of Marketing Research},
  Year                     = {1974},
  Pages                    = {63--69},

  Publisher                = {JSTOR}
}

@Article{Jagadish2014,
  Title                    = {Big Data and Its Technical Challenges},
  Author                   = {Jagadish, H. V. and Gehrke, J. and Labrinidis, A. and Papakonstantinou, Y. and Patel, J. M. and Ramakrishnan, R. and Shahabi, C.},
  Journal                  = {ACM Communication},
  Year                     = {2014},
  Number                   = {7},
  Pages                    = {86--94},
  Volume                   = {57},

  Acmid                    = {2611567},
  Address                  = {New York, NY, USA},
  ISSN                     = {0001-0782},
  Issue_date               = {July 2014},
  Numpages                 = {9},
  Publisher                = {ACM}
}

@InProceedings{jaimes2011partition,
  Title                    = {Adaptive objective space partitioning using conflict information for many-objective optimization},
  Author                   = {Jaimes, A. L. and Coello, C. A. C. and Aguirre, H. and Tanaka, K.},
  Booktitle                = {Proceedings of the International Conference on Evolutionary Multi-Criterion Optimization},
  Year                     = {2011},
  Pages                    = {151--165},
  Series                   = {Lecture Notes in Computer Science},
  Volume                   = {6576}
}

@Article{Deb2014adaptive,
  Title                    = {An evolutionary many-objective optimization algorithm using reference-point based nondominated sorting approach, part II: handling constraints and extending to an adaptive approach},
  Author                   = {Jain, H. and Deb, K.},
  Journal                  = {IEEE Transactions on Evolutionary Computation},
  Year                     = {2014},
  Number                   = {4},
  Pages                    = {602--622},
  Volume                   = {18},

  ISSN                     = {1089-778X},
  Keywords                 = {Pareto optimisation;constraint handling;genetic algorithms;Pareto-optimal front;adaptive NSGA-III framework;constrained MOEA/D algorithm;constrained test problems;constraint handling;evolutionary many-objective optimization algorithm;generic constrained many-objective optimization problems;many-objective optimizer;reference-point based nondominated sorting approach;Algorithm design and analysis;Educational institutions;Measurement;Optimization;Sociology;Sorting;Statistics;Evolutionary computation;Many-objective optimization;NSGA-III;evolutionary computation;large dimension;many-objective optimization;multi-criterion optimization;multicriterion optimization;non-dominated sorting;nondominated sorting}
}

@InProceedings{jiang2011multiobjective,
  Title                    = {Multiobjective optimization by decomposition with pareto-adaptive weight vectors},
  Author                   = {Jiang, S. and Cai, Z. and Zhang, J. and Ong, Y. S.},
  Booktitle                = {Proceedings of the International Conference on Natural Computation},
  Year                     = {2011},
  Organization             = {IEEE},
  Pages                    = {1260--1264},
  Volume                   = {3}
}

@InProceedings{jin2001adapting,
  Title                    = {Adapting weighted aggregation for multiobjective evolution strategies},
  Author                   = {Jin, Y. and Okabe, T. and Sendho, B.},
  Booktitle                = {Proceedings of the International Conference on Evolutionary multi-criterion optimization},
  Year                     = {2001},
  Organization             = {Springer},
  Pages                    = {96--110},

  Owner                    = {z5024720},
  Timestamp                = {2016.10.10}
}

@Book{jolliffe2002principal,
  Title                    = {Principal component analysis},
  Author                   = {Jolliffe, I.},
  Publisher                = {Wiley Online Library},
  Year                     = {2002}
}

@InProceedings{Kachroudi2010,
  Title                    = {Average rank domination relation for {NSGA-II} and {SMPSO} algorithms for many-objective optimization},
  Author                   = {Kachroudi, S. and Grossard, M.},
  Booktitle                = {Proceedings of the Second World Congress on Nature and Biologically Inspired Computing},
  Year                     = {2010},
  Pages                    = {19--24},

  Owner                    = {z3344299},
  Timestamp                = {2011.10.16}
}

@Article{ke2013aco,
  Title                    = {{MOEA/D-ACO}: A multiobjective evolutionary algorithm using decomposition and antcolony},
  Author                   = {Ke, L. and Zhang, Q. and Battiti, R.},
  Journal                  = {IEEE Transactions on Cybernetics},
  Year                     = {2013},
  Number                   = {6},
  Pages                    = {1845--1859},
  Volume                   = {43},

  ISSN                     = {2168-2267}
}

@Article{knowles2000approximating,
  Title                    = {Approximating the nondominated front using the Pareto archived evolution strategy},
  Author                   = {Knowles, J. D. and Corne, D. W.},
  Journal                  = {Evolutionary Computation},
  Year                     = {2000},
  Number                   = {2},
  Pages                    = {149--172},
  Volume                   = {8},

  Publisher                = {MIT Press}
}

@InProceedings{Mario2007,
  Title                    = {Substitute distance assignment in {NSGA-II} for handling many-objective optimization problems},
  Author                   = {Koppen, M. and Yoshida, K.},
  Booktitle                = {Proceedings of the International Conference on Evolutionary Multi-Criterion Optimization},
  Year                     = {2007},

  Address                  = {Springer, Heidelberg},
  Editor                   = {S. Obayashi},
  Pages                    = {727--741},
  Series                   = {Lecture Notes in Computer Science},
  Volume                   = {4403},

  Owner                    = {z3344299},
  Timestamp                = {2011.10.13}
}

@InProceedings{koppen2007visualization,
  Title                    = {Visualization of Pareto-sets in evolutionary multi-objective optimization},
  Author                   = {Koppen, M. and Yoshida, K.},
  Booktitle                = {Proceedings of the International Conference on Hybrid Intelligent Systems},
  Year                     = {2007},
  Organization             = {IEEE},
  Pages                    = {156--161}
}

@Book{kruskal1978multidimensional,
  Title                    = {Multidimensional scaling},
  Author                   = {Kruskal, J. B. and Wish, M.},
  Publisher                = {Sage},
  Year                     = {1978},
  Volume                   = {11}
}

@InProceedings{kukkonen2006fast,
  Title                    = {A fast and effective method for pruning of non-dominated solutions in many-objective problems},
  Author                   = {Kukkonen, S. and Deb, K.},
  Booktitle                = {Proceedings of the International Conference on Parallel Problem Solving from Nature},
  Year                     = {2006},
  Pages                    = {553--562},
  Publisher                = {Springer},
  Series                   = {Lecture Notes in Computer Science},
  Volume                   = {4193},

  Journal                  = {Lecture Notes in Computer Science}
}

@InProceedings{lopez2008objective,
  Title                    = {Objective reduction using a feature selection technique},
  Author                   = {L{\'o}pez, J. A. and Coello, C. A. C. and Chakraborty, D.},
  Booktitle                = {Proceedings of the Annual Conference on Genetic and evolutionary computation},
  Year                     = {2008},
  Organization             = {ACM},
  Pages                    = {673--680},

  Owner                    = {z5024720},
  Timestamp                = {2016.10.12}
}

@Article{lucken2014survey,
  Title                    = {A survey on multi-objective evolutionary algorithms for many-objective problems},
  Author                   = {von L{\"u}cken, C. and Ba{\'r}an, B. and Brizuela, C.},
  Journal                  = {Computational Optimization and Applications},
  Year                     = {2014},
  Number                   = {3},
  Pages                    = {707--756},
  Volume                   = {58}
}

@Article{larichev1992cognitive,
  Title                    = {Cognitive validity in design of decision-aiding techniques},
  Author                   = {Larichev, O. I.},
  Journal                  = {Journal of Multi-Criteria Decision Analysis},
  Year                     = {1992},
  Number                   = {3},
  Pages                    = {127--138},
  Volume                   = {1},

  Publisher                = {Wiley Online Library}
}

@Article{li2015many,
  Title                    = {Many-objective evolutionary algorithms: A survey},
  Author                   = {Li, B. and Li, J. and Tang, K. and Yao, X.},
  Journal                  = {ACM Computing Surveys},
  Year                     = {2015},
  Number                   = {1},
  Pages                    = {13:1-13:35},
  Volume                   = {48},

  Publisher                = {ACM}
}

@Article{li2011adaptive,
  Title                    = {An adaptive evolutionary multi-objective approach based on simulated annealing},
  Author                   = {Li, H. and Landa-Silva, D.},
  Journal                  = {Evolutionary Computation},
  Year                     = {2011},
  Number                   = {4},
  Pages                    = {561--595},
  Volume                   = {19},

  Publisher                = {MIT Press}
}

@Article{li2009multiobjective,
  Title                    = {Multiobjective optimization problems with complicated Pareto sets, {MOEA/D} and {NSGA-II}},
  Author                   = {Li, H. and Zhang, Q.},
  Journal                  = {IEEE Transactions on Evolutionary Computation},
  Year                     = {2009},
  Number                   = {2},
  Pages                    = {284--302},
  Volume                   = {13},

  Publisher                = {IEEE}
}

@Article{Li2015dominance,
  Title                    = {An evolutionary many-objective optimization algorithm based on dominance and decomposition},
  Author                   = {Li, K. and Deb, K. and Zhang, Q. and Kwong, S.},
  Journal                  = {IEEE Transactions on Evolutionary Computation},
  Year                     = {2015},
  Number                   = {5},
  Pages                    = {694--716},
  Volume                   = {19},

  ISSN                     = {1089-778X}
}

@Article{LiDNMOEAHI2012,
  Title                    = {Achieving balance between proximity and diversity in multi-objective evolutionary algorithm},
  Author                   = {Li, K. and Kwong, S. and Cao, J. and Li, M. and Zheng, J. and Shen, R.},
  Journal                  = {Information Sciences},
  Year                     = {2012},
  Number                   = {1},
  Pages                    = {220--242},
  Volume                   = {182},

  ISSN                     = {0020-0255},
  Owner                    = {z5024720},
  Timestamp                = {2016.10.10}
}

@Article{Li2014stm,
  Title                    = {Stable matching-based selection in evolutionary multiobjective optimization},
  Author                   = {Li, K. and Zhang, Q. and Kwong, S.and Li, M. and Deb, K.},
  Journal                  = {IEEE Transactions on Evolutionary Computation},
  Year                     = {2014},
  Number                   = {6},
  Pages                    = {909--923},
  Volume                   = {18},

  ISSN                     = {1089-778X},
  Owner                    = {z5024720},
  Timestamp                = {2016.10.10}
}

@Article{li2016pareto,
  Title                    = {{Pareto or non-Pareto}: {Bi}-criterion evolution in multi-objective optimization},
  Author                   = {Li, M. and Yang, S. and Liu, X.},
  Journal                  = {IEEE Transactions on Evolutionary Computation},
  Year                     = {2016},
  Number                   = {5},
  Pages                    = {645--665},
  Volume                   = {20},

  Owner                    = {z5024720},
  Publisher                = {IEEE},
  Timestamp                = {2016.10.10}
}

@Article{li2014dci,
  Title                    = {Diversity comparison of {Pareto} front approximations in many-objective optimization},
  Author                   = {Li, M. and Yang, S. and Liu, X.},
  Journal                  = {IEEE Transactions on Cybernetics},
  Year                     = {2014},
  Number                   = {12},
  Pages                    = {2568--2584},
  Volume                   = {44}
}

@Article{li2014sde,
  Title                    = {Shift-based density estimation for {Pareto}-based algorithms in many-objective optimization},
  Author                   = {Li, M. and Yang, S. and Liu, X.},
  Journal                  = {IEEE Transactions on Evolutionary Computation},
  Year                     = {2014},
  Number                   = {3},
  Pages                    = {348--365},
  Volume                   = {18},

  ISSN                     = {1089-778X}
}

@InProceedings{liu2010t,
  Title                    = {{T-MOEA/D}: {MOEA/D} with objective transform in multi-objective problems},
  Author                   = {Liu, H. L. and Gu, F. and Cheung, Y.},
  Booktitle                = {Proceedings of the International Conference on Information Science and Management Engineering},
  Year                     = {2010},
  Organization             = {IEEE},
  Pages                    = {282--285},
  Volume                   = {2}
}

@Article{liu2014mop,
  Title                    = {Decomposition of a multiobjective optimization problem into a number of simple multiobjective subproblems},
  Author                   = {Liu, H. L. and Gu, F. and Zhang, Q.},
  Journal                  = {IEEE Transactions on Evolutionary Computation},
  Year                     = {2014},
  Number                   = {3},
  Pages                    = {450--455},
  Volume                   = {18},

  ISSN                     = {1089-778X}
}

@InCollection{lotov2008visualizing,
  Title                    = {Visualizing the Pareto frontier},
  Author                   = {Lotov, A. V. and Miettinen, K.},
  Booktitle                = {Multiobjective optimization},
  Publisher                = {Springer},
  Year                     = {2008},
  Pages                    = {213--243}
}

@InProceedings{martinez2011mopso,
  Title                    = {A multi-objective particle swarm optimizer based on decomposition},
  Author                   = {Mart{\'t}inez, S. Z. and Coello, C. A. C.},
  Booktitle                = {Proceedings of the Annual Conference on Genetic and Evolutionary Computation},
  Year                     = {2011},
  Pages                    = {69--76},
  Publisher                = {ACM}
}

@Article{mei2011decomposition,
  Title                    = {Decomposition-based memetic algorithm for multiobjective capacitated arc routing problem},
  Author                   = {Mei, Y. and Tang, K. and Yao, X.},
  Journal                  = {IEEE Transactions on Evolutionary Computation},
  Year                     = {2011},
  Number                   = {2},
  Pages                    = {151--165},
  Volume                   = {15},

  Publisher                = {IEEE}
}

@Article{miettinen2014survey,
  Title                    = {Survey of methods to visualize alternatives in multiple criteria decision making problems},
  Author                   = {Miettinen, K.},
  Journal                  = {OR Spectrum},
  Year                     = {2014},
  Number                   = {1},
  Pages                    = {3--37},
  Volume                   = {36},

  Publisher                = {Springer}
}

@Book{miettinen2012nonlinear,
  Title                    = {Nonlinear multiobjective optimization},
  Author                   = {Miettinen, Kaisa},
  Publisher                = {Springer Science \& Business Media},
  Year                     = {2012},
  Volume                   = {12}
}

@Article{miller1956magical,
  Title                    = {The magical number seven, plus or minus two: some limits on our capacity for processing information},
  Author                   = {Miller, G. A.},
  Journal                  = {Psychological Review},
  Year                     = {1956},
  Number                   = {2},
  Pages                    = {81--97},
  Volume                   = {63},

  Publisher                = {American Psychological Association}
}

@Article{mohamad2011uncovering,
  Title                    = {Uncovering secrets behind low-resistance planing craft hull forms through optimization},
  Author                   = {Mohamad, A. F. A. and Ray, T. and Smith, W. F.},
  Journal                  = {Engineering Optimization},
  Year                     = {2011},
  Number                   = {11},
  Pages                    = {1161--1173},
  Volume                   = {43},

  Publisher                = {Taylor \& Francis}
}

@Misc{morrison2008electrical,
  Title                    = {Electrical profile monitoring system for detection of atypical consumption},

  Author                   = {Morrison, Roger},
  Month                    = jul # {~22},
  Note                     = {US Patent 7,402,993},
  Year                     = {2008},

  Publisher                = {Google Patents}
}

@InProceedings{Murata2001cmoga,
  Title                    = {Specification of genetic search directions in cellular multi-objective genetic algorithms},
  Author                   = {Murata, T. and Ishibuchi, H. and Gen, M.},
  Booktitle                = {Proceedings of the International Conference on Evolutionary Multi-Criterion Optimization},
  Year                     = {2001},
  Pages                    = {82--95},
  Series                   = {Lecture Notes in Computer Science},
  Volume                   = {1993}
}

@Article{musselman1980water,
  Title                    = {A trade-off cut approach lo multiple objective optimization},
  Author                   = {Musselman, K. and Talavage, J.},
  Journal                  = {Operational Research},
  Year                     = {1980},
  Number                   = {6},
  Pages                    = {1424--1435},
  Volume                   = {28}
}

@InProceedings{obayashi2003visualization,
  Title                    = {Visualization and data mining of Pareto solutions using self-organizing map},
  Author                   = {Obayashi, S. and Sasaki, D.},
  Booktitle                = {Proceedings of the International Conference on Evolutionary Multi-criterion Optimization},
  Year                     = {2003},
  Organization             = {Springer},
  Pages                    = {796--809}
}

@Article{ortiz2011improving,
  Title                    = {Improving the visualization of the Pareto-optimal front for the multi-response optimization of chromatographic determinations},
  Author                   = {Ortiz, M. C. and Sarabia, L. A. and S{\'a}nchez, M. S. and Arroyo, D.},
  Journal                  = {Analytica Chemica Acta},
  Year                     = {2011},
  Number                   = {2},
  Pages                    = {129--136},
  Volume                   = {687},

  Publisher                = {Elsevier}
}

@Article{pierro2007poga,
  Title                    = {An investigation on preference order ranking scheme for multiobjective evolutionary optimization},
  Author                   = {di Pierro, F. and Khu, S. T. and Savic, D. A.},
  Journal                  = {IEEE Transactions on Evolutionary Computation},
  Year                     = {2007},
  Number                   = {1},
  Pages                    = {17--45},
  Volume                   = {11},

  ISSN                     = {1089-778X}
}

@InProceedings{pryke2007heatmap,
  Title                    = {Heatmap visualization of population based multi objective algorithms},
  Author                   = {Pryke, A. and Mostaghim, S. and Nazemi, A.},
  Booktitle                = {Proceedings of the International Conference on Evolutionary multi-criterion optimization},
  Year                     = {2007},
  Organization             = {Springer},
  Pages                    = {361--375}
}

@Article{Qi2014adaptive,
  Title                    = {{MOEA/D} with adaptive weight adjustment},
  Author                   = {Qi, Y. and Ma, X. and Liu, F. and Jiao, L. and Sun, J. and Wu, J.},
  Journal                  = {Evolutionary Computation},
  Year                     = {2014},
  Number                   = {2},
  Pages                    = {231--264},
  Volume                   = {22}
}

@InProceedings{Ray2009idea,
  Title                    = {Infeasibility driven evolutionary algorithm for constrained optimization},
  Author                   = {Ray, T. and Singh, H. K. and Isaacs, A. and Smith, W. F.},
  Booktitle                = {Constraint-Handling in Evolutionary Optimization},
  Year                     = {2009},
  Pages                    = {145--165}
}

@Article{Ray2001,
  Title                    = {An evolutionary algorithm for multiobjective optimization},
  Author                   = {Ray, T. and Tai, K. and Seow, K. C.},
  Journal                  = {Engineering Optimization},
  Year                     = {2001},
  Number                   = {3},
  Pages                    = {399--424},
  Volume                   = {33}
}

@Article{runarsson2000stochastic,
  Title                    = {Stochastic ranking for constrained evolutionary optimization},
  Author                   = {Runarsson, T. P. and Yao, X.},
  Journal                  = {IEEE Transactions on Evolutionary Computation},
  Year                     = {2000},
  Number                   = {3},
  Pages                    = {284--294},
  Volume                   = {4},

  Publisher                = {IEEE}
}

@Article{sammon1969nonlinear,
  Title                    = {A nonlinear mapping for data structure analysis},
  Author                   = {Sammon, J. W.},
  Journal                  = {IEEE Transactions on Computers},
  Year                     = {1969},
  Number                   = {5},
  Pages                    = {401--409},

  Publisher                = {IEEE}
}

@InProceedings{sato2014inverted,
  Title                    = {Inverted {PBI} in {MOEA/D} and its impact on the search performance on multi and many-objective optimization},
  Author                   = {Sato, H.},
  Booktitle                = {Proceedings of the Annual Conference on Genetic and Evolutionary Computation},
  Year                     = {2014},
  Organization             = {ACM},
  Pages                    = {645--652}
}

@InCollection{Saxena2007,
  Title                    = {Non-linear Dimensionality Reduction Procedures for Certain Large-Dimensional Multi-objective Optimization Problems: Employing Correntropy and a Novel Maximum Variance Unfolding},
  Author                   = {Dhish Kumar Saxena and Kalyanmoy Deb},
  Booktitle                = {Evolutionary Multi-Criterion Optimization},
  Publisher                = {Springer Berlin Heidelberg},
  Year                     = {2007},
  Editor                   = {Obayashi, Shigeru and Deb, Kalyanmoy and Poloni, Carlo and Hiroyasu, Tomoyuki and Murata, Tadahiko},
  Pages                    = {772-787},
  Series                   = {Lecture Notes in Computer Science},
  Volume                   = {4403},

  ISBN                     = {978-3-540-70927-5},
  Owner                    = {z5024720},
  Timestamp                = {2016.08.25}
}

@InProceedings{Saxena2008,
  Title                    = {Dimensionality Reduction of Objectives and Constraints in Multi-objective Optimization Problems: A System Design Perspective},
  Author                   = {Dhish Kumar Saxena and Kalyanmoy Deb},
  Booktitle                = {IEEE Congress on Evolutionary Computation},
  Year                     = {2008},
  Pages                    = {3204-3211},

  Owner                    = {z3344299},
  Timestamp                = {2012.09.10}
}

@Article{Saxena2013many,
  Title                    = {Objective reduction in many-objective optimization: Linear and nonlinear algorithms},
  Author                   = {Saxena, D. K. and Duro, J. A. and Tiwari, A. and Deb, K. and Zhang, Q.},
  Journal                  = {IEEE Transactions on Evolutionary Computation},
  Year                     = {2013},
  Number                   = {1},
  Pages                    = {77--99},
  Volume                   = {17},

  ISSN                     = {1089-778X}
}

@Article{schlimmer1986incremental,
  Title                    = {Incremental learning from noisy data},
  Author                   = {Schlimmer, J. C. and Granger Jr, R. H.},
  Journal                  = {Machine Learning},
  Year                     = {1986},
  Number                   = {3},
  Pages                    = {317--354},
  Volume                   = {1},

  Publisher                = {Springer}
}

@Article{schmidt2009distilling,
  Title                    = {Distilling free-form natural laws from experimental data},
  Author                   = {Schmidt, M. and Lipson, H.},
  Journal                  = {Science},
  Year                     = {2009},
  Number                   = {5923},
  Pages                    = {81--85},
  Volume                   = {324},

  Publisher                = {American Association for the Advancement of Science}
}

@Article{Scholz:2007:BCD:1367489.1367491,
  Title                    = {Boosting Classifiers for Drifting Concepts},
  Author                   = {Scholz, M. and Klinkenberg, R.},
  Journal                  = {Intelligent Data Analysis},
  Year                     = {2007},
  Number                   = {1},
  Pages                    = {3--28},
  Volume                   = {11},

  Acmid                    = {1367491},
  Address                  = {Amsterdam, The Netherlands, The Netherlands},
  ISSN                     = {1088-467X},
  Issue_date               = {January 2007},
  Numpages                 = {26},
  Publisher                = {IOS Press}
}

@Article{sen1994design,
  Title                    = {Design decision making based upon multiple attribute evaluations and minimal preference information},
  Author                   = {Sen, P. and Yang, J. B.},
  Journal                  = {Mathematical and Computer Modelling},
  Year                     = {1994},
  Number                   = {3},
  Pages                    = {107--124},
  Volume                   = {20},

  Publisher                = {Elsevier}
}

@Article{shields1983effects,
  Title                    = {Effects of information supply and demand on judgment accuracy: evidence from corporate managers},
  Author                   = {Shields, M. D.},
  Journal                  = {Accounting Review},
  Year                     = {1983},
  Pages                    = {284--303},

  Publisher                = {JSTOR}
}

@InProceedings{Simpson1996,
  Title                    = {Conceptual design of a family of products through the use of the robust concept exploration method},
  Author                   = {Simpson, T. W. and Chen, W. and Allen, J. K. and Mistree, F.},
  Booktitle                = {Proceedings of the International Symposium on AIAA/USAF/NASA/ISSMO Multidisciplinary Analysis and Optimization},
  Year                     = {1996},
  Pages                    = {1535--1545},
  Volume                   = {2}
}

@InCollection{singh2016use,
  Title                    = {Use of infeasible solutions during constrained evolutionary search: A short survey},
  Author                   = {Singh, H. K. and Alam, K. and Ray, T.},
  Booktitle                = {Proceedings of the International Conference on Artificial Life and Computational Intelligence},
  Publisher                = {Springer},
  Year                     = {2016},
  Pages                    = {193--205},
  Series                   = {Lecture Notes in Computer Science},
  Volume                   = {9592}
}

@InProceedings{singh2015re,
  Title                    = {Re-design for robustness: An approach based on many objective optimization},
  Author                   = {Singh, H. K. and Asafuddoula, M. and Alam, K. and Ray, T.},
  Booktitle                = {Proceedings of the International Conference on Evolutionary Multi-Criterion Optimization},
  Year                     = {2015},
  Organization             = {Springer},
  Pages                    = {343--357}
}

@Article{singh2011corner,
  Title                    = {A Pareto corner search evolutionary algorithm and dimensionality reduction in many-objective optimization problems},
  Author                   = {Singh, H. K. and Isaacs, A. and Ray, T.},
  Journal                  = {IEEE Transactions on Evolutionary Computation},
  Year                     = {2011},
  Number                   = {4},
  Pages                    = {539--556},
  Volume                   = {15},

  ISSN                     = {1089-778X}
}

@InProceedings{singh2008,
  Title                    = {A study on the performance of substitute distance based approaches for evolutionary many objective optimization},
  Author                   = {Singh, H. K. and Isaacs, A. and Ray, T. and Smith, W.},
  Booktitle                = {Proceedings of the International Conference on Simulated Evolution And Learning},
  Year                     = {2008},
  Editor                   = {Li, X.},
  Pages                    = {401--410},
  Publisher                = {Springer-Verlag Berlin, Heidelberg},
  Series                   = {Lecture Notes in Computer Science},
  Volume                   = {5361},

  Owner                    = {z3344299},
  Timestamp                = {2011.10.16}
}

@Article{Singh2013idea,
  Title                    = {Optimum Oil Production Planning Using Infeasibility Driven Evolutionary Algorithm},
  Author                   = {Singh, H. K. and Ray, T. and Sarker, R.},
  Journal                  = {Evolutionary Computation},
  Year                     = {2013},
  Number                   = {1},
  Pages                    = {65--82},
  Volume                   = {21}
}

@Article{srinivas1994muiltiobjective,
  Title                    = {Muiltiobjective optimization using nondominated sorting in genetic algorithms},
  Author                   = {Srinivas, N. and Deb, K.},
  Journal                  = {Evolutionary Computation},
  Year                     = {1994},
  Number                   = {3},
  Pages                    = {221--248},
  Volume                   = {2},

  Publisher                = {MIT Press}
}

@Article{stewart1992critical,
  Title                    = {A critical survey on the status of multiple criteria decision making theory and practice},
  Author                   = {Stewart, T. J.},
  Journal                  = {Omega},
  Year                     = {1992},
  Number                   = {5},
  Pages                    = {569--586},
  Volume                   = {20},

  Publisher                = {Elsevier}
}

@InProceedings{takahama2010constrained,
  Title                    = {Constrained optimization by the $\varepsilon$ constrained differential evolution with an archive and gradient-based mutation},
  Author                   = {Takahama, T. and Sakai, S.},
  Booktitle                = {IEEE Congress on Evolutionary Computation},
  Year                     = {2010},
  Pages                    = {1--9}
}

@Article{takahama2005constrained,
  Title                    = {Constrained optimization by applying the $\alpha$ constrained method to the nonlinear simplex method with mutations},
  Author                   = {Takahama, T. and Sakai, S.},
  Journal                  = {IEEE Transactions on Evolutionary Computation},
  Year                     = {2005},
  Number                   = {5},
  Pages                    = {437--451},
  Volume                   = {9},

  Publisher                = {IEEE}
}

@Article{tenenbaum2000global,
  Title                    = {A global geometric framework for nonlinear dimensionality reduction},
  Author                   = {Tenenbaum, J. B. and De Silva, V. and Langford, J. C.},
  Journal                  = {Science},
  Year                     = {2000},
  Number                   = {5500},
  Pages                    = {2319--2323},
  Volume                   = {290},

  Publisher                = {American Association for the Advancement of Science}
}

@Article{tusar2014visualization,
  Title                    = {Visualization of Pareto front approximations in evolutionary multiobjective optimization: A critical review and the prosection method},
  Author                   = {Tu{\v{s}}ar, T. and Filipi{\v{c}}, B.},
  Journal                  = {IEEE Transactions on Evolutionary Computation},
  Year                     = {2015},
  Number                   = {2},
  Pages                    = {225--245},
  Volume                   = {19},

  Publisher                = {IEEE}
}

@InProceedings{tuvsar2011visualizing,
  Title                    = {Visualizing 4D approximation sets of multiobjective optimizers with prosections},
  Author                   = {Tu{\v{s}}ar, T. and Filipi{\v{c}}, B.},
  Booktitle                = {Proceedings of the Annual Conference on Genetic and Evolutionary Computation},
  Year                     = {2011},
  Organization             = {ACM},
  Pages                    = {737--744}
}

@TechReport{veldhuizen1999gd,
  Title                    = {Multiobjective evolutionary algorithms: Classifications, analyses, and new innovations},
  Author                   = {Veldhuizen, D. A. V.},
  Institution              = {Dept. Air Force, Air Force Institute of Technology, Wright-Patterson AFB},
  Year                     = {1999},

  Address                  = {OH, USA},
  Number                   = {AFIT/DS/ENG/99-01}
}

@InProceedings{Voss2008,
  Title                    = {Scalarization versus indicator-based selection in multi-objective CMA evolution strategies},
  Author                   = {Voss, T. and Beume, N. and Rudolph, G. and Igel, C. },
  Booktitle                = {Proceedings of International Conference on IEEE Congress Evolutionary Computation},
  Year                     = {2008},
  Pages                    = {3036--3043},

  Owner                    = {z3344299},
  Timestamp                = {2011.10.16}
}

@InProceedings{Tobias2007,
  Title                    = {Pareto-, Aggregation-,and Indicator-based Methods in Many-Objective Optimization},
  Author                   = {Wagner, T. and Beume, N. and Naujoks, B.},
  Booktitle                = {Proceedings of the International Conference on Evolutionary Multi-criterion Optimization},
  Year                     = {2007},
  Editor                   = {Obayashi, S.},
  Pages                    = {742--756},
  Series                   = {Lecture Notes in Computer Science},
  Volume                   = {4403},

  Owner                    = {z3344299},
  Timestamp                = {2011.10.13}
}

@Article{walker2013visualizing,
  Title                    = {Visualizing mutually nondominating solution sets in many-objective optimization},
  Author                   = {Walker, D. J. and Everson, R. M. and Fieldsend, J. E.},
  Journal                  = {IEEE Transactions on Evolutionary Computation},
  Year                     = {2013},
  Number                   = {2},
  Pages                    = {165--184},
  Volume                   = {17},

  Publisher                = {IEEE}
}

@InProceedings{wang2015gp,
  Title                    = {A multi-objective genetic programming approach to uncover explicit and implicit equations from data},
  Author                   = {Wang, B. and Singh, H. K. and Ray, T.},
  Booktitle                = {IEEE Congress on Evolutionary Computation},
  Year                     = {2015},
  Pages                    = {1129--1136}
}

@InProceedings{Wang2007a,
  Title                    = {A new fuzzy dominance {GA} applied to solve many-objective optimization problem},
  Author                   = {Wang, G. and Wu, J.},
  Booktitle                = {Proceedings of the International Conference on Innovative Computing, Information and Control},
  Year                     = {2007},
  Pages                    = {617--621},

  Owner                    = {z3344299},
  Timestamp                = {2011.10.13}
}

@Article{Wang2015archive,
  Title                    = {Two\_Arch2: an improved two-archive algorithm for many-objective optimization},
  Author                   = {Wang, H. and Jiao, L. and Yao, X.},
  Journal                  = {IEEE Transactions on Evolutionary Computation},
  Year                     = {2015},
  Number                   = {4},
  Pages                    = {524--541},
  Volume                   = {19},

  ISSN                     = {1089-778X}
}

@Article{wangpicea2013,
  Title                    = {Preference-inspired coevolutionary algorithms for many-objective optimization},
  Author                   = {Wang, R. and Purshouse, R. C. and Fleming, P. J.},
  Journal                  = {IEEE Transactions on Evolutionary Computation},
  Year                     = {2013},
  Number                   = {4},
  Pages                    = {474--494},
  Volume                   = {17},

  Owner                    = {z5024720},
  Timestamp                = {2016.08.25}
}

@InProceedings{wang2015pareto,
  Title                    = {Pareto adaptive scalarising functions for decomposition based algorithms},
  Author                   = {Wang, R. and Zhang, Q. and Zhang, T.},
  Booktitle                = {Proceedings of the International Conference on Evolutionary Multi-Criterion Optimization},
  Year                     = {2015},
  Organization             = {Springer},
  Pages                    = {248--262}
}

@Article{Wang2016adaptive,
  Title                    = {Adaptive replacement strategies for {MOEA/D}},
  Author                   = {Wang, Z. and Zhang, Q. and Zhou, A. and Gong, M. and Jiao, L.},
  Journal                  = {IEEE Transactions on Cybernetics},
  Year                     = {2016},
  Number                   = {2},
  Pages                    = {474--486},
  Volume                   = {46},

  ISSN                     = {2168-2267}
}

@Article{while2012hv,
  Title                    = {A Fast Way of Calculating Exact Hypervolumes},
  Author                   = {While, L. and Bradstreet, L. and Barone, L.},
  Journal                  = {IEEE Transactions on Evolutionary Computation},
  Year                     = {2012},
  Number                   = {1},
  Pages                    = {86--95},
  Volume                   = {16},

  ISSN                     = {1089-778X}
}

@Article{widmer1996learning,
  Title                    = {Learning in the presence of concept drift and hidden contexts},
  Author                   = {Widmer, G. and Kubat, M.},
  Journal                  = {Machine Learning},
  Year                     = {1996},
  Number                   = {1},
  Pages                    = {69--101},
  Volume                   = {23},

  Publisher                = {Springer}
}

@InCollection{wierzbicki1980use,
  Title                    = {The use of reference objectives in multiobjective optimization},
  Author                   = {Wierzbicki, A. P.},
  Booktitle                = {Multiple Criteria Decision Making Theory and Application},
  Publisher                = {Springer},
  Year                     = {1980},
  Pages                    = {468--486}
}

@Article{yang2013grea,
  Title                    = {A grid-based evolutionary algorithm for many-objective optimization},
  Author                   = {Yang, S. and Li, M. and Liu, X. and Zheng, J.},
  Journal                  = {IEEE Transactions on Evolutionary Computation},
  Year                     = {2013},
  Number                   = {5},
  Pages                    = {721--736},
  Volume                   = {17},

  ISSN                     = {1089-778X}
}

@Book{yoon1995multiple,
  Title                    = {Multiple attribute decision making: An introduction},
  Author                   = {Yoon, K. P. and Hwang, C. L.},
  Publisher                = {Sage Publications},
  Year                     = {1995},
  Volume                   = {104}
}

@Article{Yuan2016many,
  Title                    = {A new dominance relation-based evolutionary algorithm for many-objective optimization},
  Author                   = {Yuan, Y. and Xu, H. and Wang, B. and Yao, X.},
  Journal                  = {IEEE Transactions on Evolutionary Computation},
  Year                     = {2016},
  Number                   = {1},
  Pages                    = {16--37},
  Volume                   = {20},

  ISSN                     = {1089-778X}
}

@Article{Yuan2015balance,
  Title                    = {Balancing convergence and diversity in decomposition-based many-objective optimizers},
  Author                   = {Yuan,~Y. and Xu,~H. and Wang,~B. and Zhang,~Bo and Yao,~X.},
  Journal                  = {IEEE Transactions on Evolutionary Computation},
  Year                     = {2015},
  Number                   = {99},
  Pages                    = {1--1},
  Volume                   = {PP},

  ISSN                     = {1089-778X}
}

@Article{zhang2007moead,
  Title                    = {{MOEA/D}: A multiobjective evolutionary algorithm based on decomposition},
  Author                   = {Zhang, Q. and Li, H.},
  Journal                  = {IEEE Transactions on Evolutionary Computation},
  Year                     = {2007},
  Number                   = {6},
  Pages                    = {712--731},
  Volume                   = {11},

  ISSN                     = {1089-778X}
}

@Article{zhang2010expensive,
  Title                    = {Expensive multiobjective optimization by {MOEA/D} with gaussian process model},
  Author                   = {Zhang, Q. and Liu, W. and Tsang, E. and Virginas, B.},
  Journal                  = {IEEE Transactions on Evolutionary Computation},
  Year                     = {2010},
  Number                   = {3},
  Pages                    = {456--474},
  Volume                   = {14},

  Publisher                = {IEEE}
}

@Article{zhang2015knee,
  Title                    = {A knee point-driven evolutionary algorithm for many-objective optimization},
  Author                   = {Zhang, X. and Tian, Y. and Jin, Y.},
  Journal                  = {IEEE Transactions on Evolutionary Computation},
  Year                     = {2015},
  Number                   = {6},
  Pages                    = {761--776},
  Volume                   = {19},

  Owner                    = {z5024720},
  Publisher                = {IEEE},
  Timestamp                = {2016.10.10}
}

@Article{zhao2012ens,
  Title                    = {Decomposition-based multiobjective evolutionary algorithm with an ensemble of neighborhood sizes},
  Author                   = {Zhao, S. Z. and Suganthan, P. N. and Zhang, Q.},
  Journal                  = {IEEE Transactions on Evolutionary Computation},
  Year                     = {2012},
  Number                   = {3},
  Pages                    = {442--446},
  Volume                   = {16},

  Owner                    = {z5024720},
  Timestamp                = {2016.06.03}
}

@InProceedings{Zitzler2004,
  Title                    = {Indicator-based selection in multiobjective search},
  Author                   = {Zitzler, E. and K{\"u}nzli, S.},
  Booktitle                = {Proceedingsof the International Conference on Parallel Problem Solving from Nature},
  Year                     = {2004},

  Address                  = {Berlin, Heidelberg},
  Pages                    = {832--842},
  Publisher                = {Springer Berlin Heidelberg},

  Chapter                  = {Indicator-Based Selection in Multiobjective Search},
  ISBN                     = {978-3-540-30217-9},
  Owner                    = {z5024720},
  Timestamp                = {2016.10.10}
}

@InProceedings{zitzler2001spea2,
  Title                    = {SPEA2: Improving the strength Pareto evolutionary algorithm},
  Author                   = {Zitzler, E. and Laumanns, M. and Thiele, L.},
  Booktitle                = {Evolutionary Methods for Design, Optimisation, and Control},
  Year                     = {2002},
  Pages                    = {95--100}
}

@Article{zitzler1999multiobjective,
  Title                    = {Multiobjective evolutionary algorithms: A comparative case study and the strength Pareto approach},
  Author                   = {Zitzler, E. and Thiele, L.},
  Journal                  = {IEEE Transactions on Evolutionary Computation},
  Year                     = {1999},
  Number                   = {4},
  Pages                    = {257--271},
  Volume                   = {3},

  Publisher                = {IEEE}
}

@Article{zitzler2003performance,
  Title                    = {Performance assessment of multiobjective optimizers: An analysis and review},
  Author                   = {Zitzler, E. and Thiele, L. and Laumanns, M. and Fonseca, C. M. and Da Fonseca, V. G.},
  Journal                  = {IEEE Transactions on Evolutionary Computation},
  Year                     = {2003},
  Number                   = {2},
  Pages                    = {117--132},
  Volume                   = {7},

  Publisher                = {IEEE}
}

@Article{Zou2008,
  Title                    = {A new evolutionary algorithm for solving many-objective optimization problems},
  Author                   = {Zou, X. and Chen, Y. and Liu, M. and Kang, L.},
  Journal                  = {IEEE Transactions On Systems, Man, and Cybernetics-Part B},
  Year                     = {2008},
  Number                   = {5},
  Pages                    = {1402--1412},
  Volume                   = {38}
}

@Misc{IBMilog,
  Title                    = {{IBM ILOG CPLEX Optimization Studio}},
  HowPublished             = {\url{https://www.ibm.com/developerworks/downloads/ws/ilogcplex/}},
  Year                     = {2016}
}

@Article{mdonormal,
  note = {{http://www.mdolab.net/Ray/Research-Data/normalperformance.pdf}},
}

@Article{giakiozis2015,
  author  = {Giagkiozis, I. and Fleming, P. J.},
  title   = {Methods for multi-objective optimization: An analysis},
  journal = {Information Sciences},
  year    = {2015},
  volume  = {293},
  pages   = {338--350},
}

@Comment{jabref-meta: databaseType:bibtex;}
